<?xml version="1.0" encoding="utf-8"?>
<record xmlns="http://www.loc.gov/MARC21/slim" xmlns:xsi="http://www.w3.org/2001/XMLSchema-instance" xsi:schemaLocation="http://www.loc.gov/MARC21/slim http://www.loc.gov/standards/marcxml/schema/MARC21slim.xsd">
	<leader>     nam a22     Mi 4500</leader>
	<controlfield tag="001">b12670212</controlfield>
	<controlfield tag="003">UaCaAUL</controlfield>
	<controlfield tag="006">m        d        </controlfield>
	<controlfield tag="007">cr cn |||m|||a</controlfield>
	<controlfield tag="008">180411s1887    ua      o     000 0 arard</controlfield>
	<datafield ind1=" " ind2=" " tag="040">
		<subfield code="a">ZYU</subfield>
		<subfield code="b">eng</subfield>
		<subfield code="e">rda</subfield>
		<subfield code="c">ZYU</subfield>
	</datafield>
	<datafield ind1=" " ind2="4" tag="050">
		<subfield code="a">PJ7755.T8</subfield>
		<subfield code="b">L337 1887</subfield>
	</datafield>
	<datafield ind1=" " ind2=" " tag="090">
		<subfield code="a">PJ7755.T8</subfield>
		<subfield code="b">L337 1887</subfield>
	</datafield>
	<datafield ind1="1" ind2=" " tag="100">
		<subfield code="6">880-01</subfield>
		<subfield code="a">Ṣafadī, Khalīl ibn Aybak,</subfield>
		<subfield code="d">approximately 1297-1363.</subfield>
	</datafield>
	<datafield ind1="1" ind2="0" tag="240">
		<subfield code="6">880-02</subfield>
		<subfield code="a">Ghayth al-musjam fī sharḥ Lāmiyat al-ʻajam</subfield>
	</datafield>
	<datafield ind1="1" ind2="0" tag="245">
		<subfield code="6">880-03</subfield>
		<subfield code="a">Kitāb al-ghayth al-musjam fī sharḥ Lāmiyat al-ʻajam /</subfield>
		<subfield code="c">li-Ṣalāḥ al-Dīn Khalīl ibn Aybak al-Ṣafadī. Wa-bi-hāmishihi Kitāb sarḥ al-ʻuyūn sharḥ Risālat Ibn Zaydūn / li-Jamāl al-Dīn Muḥammad ibn Nubātah al-Miṣrī.</subfield>
	</datafield>
	<datafield ind1=" " ind2=" " tag="250">
		<subfield code="6">880-04</subfield>
		<subfield code="a">al-Ṭabʻah al-ūlá.</subfield>
	</datafield>
	<datafield ind1=" " ind2=" " tag="260">
		<subfield code="6">880-05</subfield>
		<subfield code="a">[Cairo?] :</subfield>
		<subfield code="b">al-Maṭbaʻah al-Azharīyah al-Miṣrīyah,</subfield>
		<subfield code="c">1305 [1887 or 88]</subfield>
	</datafield>
	<datafield ind1=" " ind2=" " tag="300">
		<subfield code="a">online resource (2 volumes)</subfield>
	</datafield>
	<datafield ind1=" " ind2=" " tag="336">
		<subfield code="a">text</subfield>
		<subfield code="2">rdacontent</subfield>
	</datafield>
	<datafield ind1=" " ind2=" " tag="337">
		<subfield code="a">computer</subfield>
		<subfield code="2">rdamedia</subfield>
	</datafield>
	<datafield ind1=" " ind2=" " tag="338">
		<subfield code="a">online resource</subfield>
		<subfield code="2">rdacarrier</subfield>
	</datafield>
	<datafield ind1=" " ind2=" " tag="500">
		<subfield code="a">Part of the Arabic Collections Online (ACO) project, contributed by American University in Cairo Library.</subfield>
	</datafield>
	<datafield ind1=" " ind2=" " tag="533">
		<subfield code="a">Electronic reproduction.</subfield>
		<subfield code="b">New York, N.Y. :</subfield>
		<subfield code="c">New York University,</subfield>
		<subfield code="d">2018.</subfield>
		<subfield code="5">NNU</subfield>
	</datafield>
	<datafield ind1=" " ind2="0" tag="650">
		<subfield code="a">Arabic poetry</subfield>
		<subfield code="x">History and criticism</subfield>
		<subfield code="y">Early works to 1800.</subfield>
	</datafield>
	<datafield ind1="1" ind2="0" tag="600">
		<subfield code="6">880-06</subfield>
		<subfield code="a">Ṭughrāʼī, al-Ḥusayn ibn ʻAlī,</subfield>
		<subfield code="d">1061 or 1062-1121?</subfield>
		<subfield code="t">Lāmiyat al-ʻajam.</subfield>
	</datafield>
	<datafield ind1="1" ind2="0" tag="600">
		<subfield code="6">880-07</subfield>
		<subfield code="a">Ibn Zaydūn, Aḥmad ibn ʻAbd Allāh,</subfield>
		<subfield code="d">1003 or 1004-1071.</subfield>
		<subfield code="t">Risālah al-hazalīyah.</subfield>
	</datafield>
	<datafield ind1=" " ind2="0" tag="650">
		<subfield code="a">Arabic poetry</subfield>
		<subfield code="x">History and criticism</subfield>
		<subfield code="v">Early works to 1800.</subfield>
	</datafield>
	<datafield ind1="1" ind2="2" tag="700">
		<subfield code="6">880-08</subfield>
		<subfield code="a">Ibn Nubātah, Muḥammad ibn Muḥammad,</subfield>
		<subfield code="d">1287-1366.</subfield>
		<subfield code="t">Sarḥ al-ʻuyūn sharḥ Risālat Ibn Zaydūn.</subfield>
	</datafield>
	<datafield ind1="1" ind2="2" tag="700">
		<subfield code="6">880-09</subfield>
		<subfield code="a">Ṭughrāʼī, al-Ḥusayn ibn ʻAlī,</subfield>
		<subfield code="d">1061 or 1062-1121?</subfield>
		<subfield code="t">Lāmiyat al-ʻajam.</subfield>
	</datafield>
	<datafield ind1="1" ind2="2" tag="700">
		<subfield code="6">880-10</subfield>
		<subfield code="a">Ibn Zaydūn, Aḥmad ibn ʻAbd Allāh,</subfield>
		<subfield code="d">1003 or 1004-1071.</subfield>
		<subfield code="t">Risālah al-hazalīyah.</subfield>
	</datafield>
	<datafield ind1="2" ind2=" " tag="710">
		<subfield code="a">American University in Cairo.</subfield>
		<subfield code="b">Library.</subfield>
	</datafield>
	<datafield ind1="0" ind2=" " tag="730">
		<subfield code="a">Arabic Collections Online.</subfield>
	</datafield>
	<datafield ind1="0" ind2="8" tag="776">
		<subfield code="i">Print version:</subfield>
		<subfield code="a">Ṣafadī, Khalīl ibn Aybak, approximately 1297-1363.</subfield>
		<subfield code="t">Kitāb al-ghayth al-musjam fī sharḥ Lāmiyat al-ʻajam</subfield>
		<subfield code="w">(UaCaAUL)b12670212</subfield>
	</datafield>
	<datafield ind1="4" ind2="0" tag="856">
		<subfield code="u">http://hdl.handle.net/2333.1/cvdncrc2</subfield>
	</datafield>
	<datafield ind1="1" ind2=" " tag="880">
		<subfield code="6">100-01</subfield>
		<subfield code="a">صفدي، خليل بن ايبك،</subfield>
		<subfield code="d">approximately 1297-1363.</subfield>
	</datafield>
	<datafield ind1="1" ind2="0" tag="880">
		<subfield code="6">240-02</subfield>
		<subfield code="a">غيث المسجم في شرح لامية العجم</subfield>
	</datafield>
	<datafield ind1="1" ind2="0" tag="880">
		<subfield code="6">245-03</subfield>
		<subfield code="a">كتاب الغيث المسجم في شرح لامية العجم /‪</subfield>
		<subfield code="c">لصلاح الدين خليل بن أيبك الصفدي. وبهامشه كتاب سرح العيون شرح رسالة ابن زيدون / لجمال الدين محمد بن نباتة المصري..</subfield>
	</datafield>
	<datafield ind1=" " ind2=" " tag="880">
		<subfield code="6">250-04</subfield>
		<subfield code="a">الطبعة الاولى.</subfield>
	</datafield>
	<datafield ind1=" " ind2=" " tag="880">
		<subfield code="6">260-05</subfield>
		<subfield code="a">[القاهره؟] :‪</subfield>
		<subfield code="b">المطبعة الازهرية المصرية،‪</subfield>
		<subfield code="c">1305 [1887 or 88]</subfield>
	</datafield>
	<datafield ind1="1" ind2="4" tag="880">
		<subfield code="6">600-06</subfield>
		<subfield code="a">طغرائي، الحسين بن علي،‪</subfield>
		<subfield code="d">1061 or 1062-1121?</subfield>
		<subfield code="t">لامية العجم.</subfield>
	</datafield>
	<datafield ind1="1" ind2="4" tag="880">
		<subfield code="6">600-07</subfield>
		<subfield code="a">ابن زيدون، احمد بن عبد الله،‪</subfield>
		<subfield code="d">1003 or 1004-1071.</subfield>
		<subfield code="t">رسالة الهزلية.</subfield>
	</datafield>
	<datafield ind1="1" ind2="2" tag="880">
		<subfield code="6">700-08</subfield>
		<subfield code="a">ابن نباتة، محمد بن محمد،</subfield>
		<subfield code="d">1287-1366.</subfield>
		<subfield code="t">سرح العيون  شرح رسالة ابن زيدون.</subfield>
	</datafield>
	<datafield ind1="1" ind2="2" tag="880">
		<subfield code="6">700-09</subfield>
		<subfield code="a">طغرائي، الحسين بن علي،‪</subfield>
		<subfield code="d">1061 or 1062-1121?</subfield>
		<subfield code="t">لامية العجم.</subfield>
	</datafield>
	<datafield ind1="1" ind2="2" tag="880">
		<subfield code="6">700-10</subfield>
		<subfield code="a">ابن زيدون، احمد بن عبد الله،</subfield>
		<subfield code="d">1003 or 1004-1071.</subfield>
		<subfield code="t">رسالة الهزلية.</subfield>
	</datafield>
	<datafield ind1=" " ind2=" " tag="902">
		<subfield code="a">170906</subfield>
	</datafield>
	<datafield ind1=" " ind2=" " tag="959">
		<subfield code="a">NNU</subfield>
		<subfield code="b">WEB</subfield>
		<subfield code="c">GENI</subfield>
		<subfield code="t">0</subfield>
		<subfield code="m">Electronic access</subfield>
		<subfield code="s">01</subfield>
	</datafield>
	<datafield ind1=" " ind2=" " tag="999">
		<subfield code="i">UaCaAUL_b12670212</subfield>
		<subfield code="s">auc_aco000292:v.1</subfield>
		<subfield code="s">auc_aco000293:v.2</subfield>
		<subfield code="s">auc_aco000292:v.1</subfield>
		<subfield code="s">auc_aco000293:v.2</subfield>
	</datafield>
</record>
